@article{tschirren2005matching,
  title={Matching and anatomical labeling of human airway tree},
  author={Tschirren, Juerg and McLennan, Geoffrey and Pal{\'a}gyi, K{\'a}lm{\'a}n and Hoffman, Eric A and Sonka, Milan},
  journal={IEEE transactions on medical imaging},
  volume={24},
  number={12},
  pages={1540--1547},
  year={2005},
  publisher={IEEE}
}
@inproceedings{bulow2004general,
  title={A general framework for tree segmentation and reconstruction from medical volume data},
  author={B{\"u}low, Thomas and Lorenz, Cristian and Renisch, Steffen},
  booktitle={International Conference on Medical Image Computing and Computer-Assisted Intervention},
  pages={533--540},
  year={2004},
  organization={Springer}
}
@inproceedings{bulow2006point,
  title={Point based methods for automatic bronchial tree matching and labeling},
  author={B{\"u}low, Thomas and Lorenz, Cristian and Wiemker, Rafael and Honko, Janett},
  booktitle={Medical Imaging 2006: Physiology, Function, and Structure from Medical Images},
  volume={6143},
  pages={61430O},
  year={2006},
  organization={International Society for Optics and Photonics}
}
@inproceedings{kitaoka2002automated,
  title={Automated nomenclature labeling of the bronchial tree in 3D-CT lung images},
  author={Kitaoka, Hiroko and Park, Yongsup and Tschirren, Juerg and Reinhardt, Joseph and Sonka, Milan and McLennan, Goeffrey and Hoffman, Eric A},
  booktitle={International Conference on Medical Image Computing and Computer-Assisted Intervention},
  pages={1--11},
  year={2002},
  organization={Springer}
}
@inproceedings{van2008robust,
  title={Robust segmentation and anatomical labeling of the airway tree from thoracic CT scans},
  author={van Ginneken, Bram and Baggerman, Wouter and van Rikxoort, Eva M},
  booktitle={International Conference on Medical Image Computing and Computer-Assisted Intervention},
  pages={219--226},
  year={2008},
  organization={Springer}
}
@inproceedings{feragen2012hierarchical,
  title={A hierarchical scheme for geodesic anatomical labeling of airway trees},
  author={Feragen, Aasa and Petersen, Jens and Owen, Megan and Lo, Pechin and Thomsen, Laura H and Wille, Mathilde MW and Dirksen, Asger and de Bruijne, Marleen},
  booktitle={International Conference on Medical Image Computing and Computer-Assisted Intervention},
  pages={147--155},
  year={2012},
  organization={Springer}
}
@article{regan2011genetic,
  title={Genetic epidemiology of COPD (COPDGene) study design},
  author={Regan, Elizabeth A and Hokanson, John E and Murphy, James R and Make, Barry and Lynch, David A and Beaty, Terri H and Curran-Everett, Douglas and Silverman, Edwin K and Crapo, James D},
  journal={COPD: Journal of Chronic Obstructive Pulmonary Disease},
  volume={7},
  number={1},
  pages={32--43},
  year={2011},
  publisher={Taylor \& Francis}
}
@inproceedings{vaswani2017attention,
  title={Attention is all you need},
  author={Vaswani, Ashish and Shazeer, Noam and Parmar, Niki and Uszkoreit, Jakob and Jones, Llion and Gomez, Aidan N and Kaiser, {\L}ukasz and Polosukhin, Illia},
  booktitle={Advances in neural information processing systems},
  pages={5998--6008},
  year={2017}
}
@article{rabe2007global,
  title={Global strategy for the diagnosis, management, and prevention of chronic obstructive pulmonary disease: GOLD executive summary},
  author={Rabe, Klaus F and Hurd, Suzanne and Anzueto, Antonio and Barnes, Peter J and Buist, Sonia A and Calverley, Peter and Fukuchi, Yoshinosuke and Jenkins, Christine and Rodriguez-Roisin, Roberto and Van Weel, Chris and others},
  journal={American journal of respiratory and critical care medicine},
  volume={176},
  number={6},
  pages={532--555},
  year={2007},
  publisher={American Thoracic Society}
}